@book{Sil1,
	author={J. H. Silverman},
	title={The arithmetic of elliptic curves},
	year={1986},
	publisher={Springer}
}

@book{Sil2,
	author={J. H. Silverman},
	title={Advanced topics in the arithmetic of elliptic curves},
	year={1994},
	publisher={Springer}
}

@book{KaMa,
	author={N. M. Katz and B. Mazur},
	title={Arithmetic moduli of elliptic curves},
	year={1985},
	publisher={Princeton University Press}
}


@book{Lang,
	author={S. Lang},
	title={Elliptic functions},
	year={1987},
	publisher={Springer}
}

@book{vzGG,
	author = {J. von zur Gathen and J. Gerhard},
	title = {Modern Computer Algebra},
	publisher = {Cambridge University Press},
	year = {1999}
}


@article{BMSS,
	author={A. Bostan and F. Morain and B. Salvy and \'E. Schost},
	title={Fast algorithms for computing isogenies between elliptic curves},
	journal={Mathematics of computation},
	volume={77},
	number={263},
	month={jul},
	year={2008},
	pages={1755--1778}
}

@article{Schoof,
	author={R. Schoof},
	title={Counting points on elliptic curves over finite fields},
	journal={Journal de théorie des nombres de Bordeaux},
	volume={7},
	number={1},
	year={1995},
	pages={219--254}
}

@article{DeRa,
	author={P. Deligne et M. Rapoport},
	title={Les schémas de modules de courbes elliptiques},
	year={1972},
}

@article{Morain,
	author={F. Morain},
	title={Calcul du nombre de points sur une courbe elliptique dans un corps fini : aspects algorithmiques},
	journal={Journal de théorie des nombres de Bordeaux},
	volume={7},
	number={1},
	year={1995},
	pages={255--282}
}

@article{Pila,
	author={J. Pila},
	title={Frobenius maps of abelian varieties and finding roots of unity in finite fields},
	journal={Mathematics of computation},
	volume={55},
	number={192},
	month={oct},
	year={1990},
	pages={745--763}
}

@article{Tate,
	author={J. Tate},
	title={Endomorphisms of abelian varieties over finite fields},
	journal={Inventiones math.},
	number={2},
	pages={134--144},
	year={1966}
}


@article{Waterhouse,
	author={W. C. Waterhouse},
	title={Abelian varieties over finite fields},
	journal={Annales scientifiques de l'\'E.N.S. 4\up{e} série},
	volume={2},
	number={4},
	year={1969},
	pages={521--560}
}

@article{Galbraith,
	author={S. D. Galbraith},
	title={Constructing isogenies between elliptic curves over finite fields},
	journal={LMS J. Comput. Math.},
	volume={2},
	year={1999},
	pages={118--138}
}

@article{Coreens,
	author ={Chang Heon Kim and Ja Kyung Koo},
	title={On the genus of some modular curves of level ${N}$},
	journal={Bull. Austral. Math. Soc.},
	volume={54},
	year={1996},
	pages={291--297}
}

@article{Baaziz,
	author ={H. Baaziz},
	title={Equations for the modular curve ${X}_1({N})$ and models of elliptic curves with torsion points},
	journal={Mathematics of computation},
	volume={79},
	number={272},
	year={2010},
	pages={2371--2386}
}

@misc{GRH,
	author={D. Jao and S.D. Miller and R. Venkatesan},
	title={Expander graphs based on {GRH} with an application to elliptic curve cryptography},
	year={2009},
	note={arXiv:0811.0647v2}
}

@phdthesis{Kohel,
        author = {D. Kohel},
        title = {Endomorphism rings of elliptic curves over finite fields},
        year = {1996},
				school={University of California at Berkeley}
}


@misc{Elkies,
	author={N. D. Elkies},
	title={Elliptic and modular curves over finite fields and related computational issues},
	month={march},
	year={1997},
	note={Based on a talk given at the conference : Computational perspectives on number theory, Chicago, 1995}
}

@misc{Couv,
	author = {J.-M. Couveignes},
	title = {Hard homogeneous spaces},
	note = {Preprint},
	year={2006}
}

@mastersthesis{RoSt,
	author={A. Rostovtsev and A. Stolbunov},
	title={Public-key cryptosystem based on isogenies},
	school={Saint-Petersburg University},
	year={2006}
}

@misc{Sutherland,
	author={A. V. Sutherland},
	title={Isogeny volcanoes},
	year={2013},
	note={arXiv:1208.5370v3}
}

@misc{Sutheq,
	author ={A. V. Sutherland},
	title={Constructing elliptic curves over finite fields with prescribed torsion},
	year={2012},
	note={arXiv:0811.0296v4}
}

@misc{gon,
	author={D. Abramovich},
	title={A linear lower bound on the gonality of modular curves},
	year={2013},
	note={arXiv:alg-geom/9609012v1}
}

@inproceedings{DiIm,
	author={F. Diamond and J. Im},
	title={Modular forms and modular curves},
	volume={17},
	year={1995},
	editor={V. Kumar Murty},
	institution={Canadian mathematical society}
}

@misc{Nekovar,
	author={J. Nekov\'ar},
	title={Algebraic theory of elliptic curves},
	note={Cours de DEA/M2},
	year={2004}
}

@misc{Stroh,
	author={B. Stroh},
	title={Courbes elliptiques},
	note={Cours de M2},
	year={2016}
}

@book{Hart,
	author={R. Hartshorne},
	title={Algebraic Geometry},
	year={1977},
	publisher={Springer}
}

@misc{Stack,
	key={Stack},
	title={The {S}tacks project},
	note={\url{stacks.math.columbia.edu}},
}

@manual{Sage,
  Key          = {Sage},
  Author       = {W.\thinspace{}A. Stein and others},
  Organization = {The Sage Development Team},
  Title        = {{S}age {M}athematics {S}oftware ({V}ersion x.y.z)},
  note         = {{\tt http://www.sagemath.org}},
  Year         = {2017},
}

@manual{PARI,
	organization = "{The PARI~Group}",
	title        = "{PARI/GP version {\tt 2.9.0}}",
	year         = 2017,
	address      = "Univ. Bordeaux",
	note         = "available from \url{http://pari.math.u-bordeaux.fr/}"
}

@misc{VeluMontgomery,
    author = {C. Costello and H. Hisil},
    title = {A simple and compact algorithm for {SIDH} with arbitrary degree isogenies},
    howpublished = {Cryptology ePrint Archive, Report 2017/504},
    year = {2017},
    note = {\url{http://eprint.iacr.org/2017/504}},
}

@phdthesis{Gthe,
	author={S.D. Galbraith},
	title={Equations for modular curves},
	year={1996},
	school={University of Oxford}
}

@misc{Nemo,
    author = {C. Fieker and W. Hart and T. Hofmann and F. Johansson},
    title = {Nemo},
    year = {2017},
    note = {Version 0.6, \url{http://nemocas.org}}
}

@misc{GMP,
	author={T. Granlund and the GMP development team},
	title={the {GNU} {M}ulti {P}recision {A}rithmetic {L}ibrary},
	note={\url{http://gmplib.org/}}
}

@misc{NTL,
	author={V. Shoup},
	title={{NTL} : a library for doing number theory},
	note={\url{http://www.shoup.net/ntl/}}
}

@misc{FLINT,
    author = {W. Hart and F. Johansson and S. Pancratz},
    title = {{FLINT}: {F}ast {L}ibrary for {N}umber {T}heory},
    year = {2017},
    note = {Version 2.5.2, \url{http://flintlib.org}}
}

